% This file was created with JabRef 2.7.2.
% Encoding: Cp1252

@MISC{BEAGLEBOARD,
  author = {{BeagleBoard Project}},
  title = {{Open Hardware Physical Computing on ARM and Linux}},
  howpublished = {Webseite},
  url = {http://beagleboard.org/},
  urldate = {2013-01-25}
}

@MISC{BOOTLOADER,
  author = {{Bootloader Project }},
  title = {{Bootloader Project - OMAPpedia}},
  howpublished = {Webseite},
  month = {Januar},
  year = {2013},
  owner = {Roland},
  timestamp = {2013.01.27},
  url = {http://omappedia.org/wiki/Bootloader_Project},
  urldate = {2013-01-25}
}

@MISC{ARM_PRINTF,
  author = {{EmbeddedGurus}},
  title = {{Printf  execution Time}},
  howpublished = {Webseite},
  month = {Januar},
  year = {2013},
  owner = {Roland},
  timestamp = {2013.01.27},
  url = {http://embeddedgurus.com/stack-overflow/tag/printf/},
  urldate = {2013-01-25}
}

@ELECTRONIC{QNX_QUICK_START,
  author = {{Eric VanAlstine}},
  month = {September},
  year = {2012},
  title = {{QNX 6.5.0 SP1 and 6.4.1 BSPs for BeagleBoard-xM}},
  organization = {{MPC Data Limited}},
  owner = {Roland},
  timestamp = {2013.01.27}
}

@MISC{QNX,
  author = {{QNX Software System Ltd.}},
  title = {{QNX Realtime Operating System software, middleware, development
	tools}},
  howpublished = {Webseite},
  month = {Januar},
  year = {2013},
  url = {http://www.qnx.com/},
  urldate = {2013-01-25}
}

@ELECTRONIC{QNX_GUIDE,
  author = {{Rob Krten}},
  month = {Mai},
  year = {2010},
  title = {{Getting Started with QNX Neutrino: A Guide for Realtime Programmers}},
  organization = {{QNX Software Systems GmbH \& Co. KG}},
  owner = {Roland},
  timestamp = {2013.01.27}
}

